@book{thrun2005probabilistic,
  abstract = {Probablistic robotics is a growing area in the subject, concerned with perception and control in the face of uncertainty and giving robots a level of robustness in real-world situations. This book introduces techniques and algorithms in the field.},
  added-at = {2015-10-22T23:05:09.000+0200},
  address = {Cambridge, Mass.},
  author = {Thrun, Sebastian and Burgard, Wolfram and Fox, Dieter},
  biburl = {https://www.bibsonomy.org/bibtex/20036a214b3d6de590e4a46d136f9c264/stumme},
  description = {Probabilistic Robotics Intelligent Robotics and Autonomous Agents: Amazon.de: Sebastian Thrun, Wolfram Burgard, Dieter Fox: BÃ¼cher},
  interhash = {4a9ca1ce81d73897e53edfcb8d9c16b2},
  intrahash = {0036a214b3d6de590e4a46d136f9c264},
  isbn = {0262201623 9780262201629},
  keywords = {SLAM localisation mapping robot topoi},
  publisher = {MIT Press},
  refid = {58451645},
  timestamp = {2015-10-22T23:05:09.000+0200},
  title = {Probabilistic robotics},
  year = 2005
}


